<record xmlns="http://www.loc.gov/MARC21/slim">
   <leader>01561cam a2200373 a 4500</leader>
   <controlfield tag="001">1350267</controlfield>
   <controlfield tag="008">910118s1985    quc      b   s    0 fre c</controlfield>
   <datafield ind1=" " ind2=" " tag="020">
      <subfield code="a">2551090377</subfield>
   </datafield>
   <datafield ind1=" " ind2=" " tag="035">
      <subfield code="a">ocn427220257</subfield>
   </datafield>
   <datafield ind1=" " ind2=" " tag="040">
      <subfield code="b">eng</subfield>
   </datafield>
   <datafield ind1=" " ind2=" " tag="043">
      <subfield code="a">n-cn-qu</subfield>
   </datafield>
   <datafield ind1=" " ind2=" " tag="045">
      <subfield code="a">x7x7</subfield>
   </datafield>
   <datafield ind1=" " ind2=" " tag="049">
      <subfield code="a">AEU</subfield>
      <subfield code="b">eng</subfield>
   </datafield>
   <datafield ind1=" " ind2="4" tag="050">
      <subfield code="a">KEQ752.A72</subfield>
      <subfield code="b">L287 24</subfield>
   </datafield>
   <datafield ind1="0" ind2=" " tag="090">
      <subfield code="a">GOV DOC CA2 PQ AC710 85C37</subfield>
   </datafield>
   <datafield ind1="1" ind2=" " tag="100">
      <subfield code="a">Sylvain, Louise,</subfield>
      <subfield code="d">1951-</subfield>
   </datafield>
   <datafield ind1="1" ind2="4" tag="245">
      <subfield code="a">Les cheminements scolaires des francophones, des anglophones et des allophones du Québec au cours des années 70 /</subfield>
      <subfield code="c">par Louise Sylvain, Louise Laforce, Claude Trottier ; avec la collaboration de Alain Massot et de Pierre Georgeault.</subfield>
   </datafield>
   <datafield ind1=" " ind2=" " tag="260">
      <subfield code="a">[Québec] :</subfield>
      <subfield code="b">Conseil de la langue française,</subfield>
      <subfield code="c">c1985.</subfield>
   </datafield>
   <datafield ind1=" " ind2=" " tag="300">
      <subfield code="a">328 p. :</subfield>
      <subfield code="b">ill. ;</subfield>
      <subfield code="c">22 cm.</subfield>
   </datafield>
   <datafield ind1=" " ind2=" " tag="336">
      <subfield code="a">text</subfield>
      <subfield code="b">txt</subfield>
      <subfield code="2">rdacontent</subfield>
   </datafield>
   <datafield ind1=" " ind2=" " tag="337">
      <subfield code="a">unmediated</subfield>
      <subfield code="b">n</subfield>
      <subfield code="2">rdamedia</subfield>
   </datafield>
   <datafield ind1=" " ind2=" " tag="338">
      <subfield code="a">volume</subfield>
      <subfield code="b">nc</subfield>
      <subfield code="2">rdacarrier</subfield>
   </datafield>
   <datafield ind1="1" ind2=" " tag="490">
      <subfield code="a">Dossiers du Conseil de la langue française.</subfield>
      <subfield code="v">24</subfield>
   </datafield>
   <datafield ind1=" " ind2=" " tag="504">
      <subfield code="a">Bibliography: p. 323-328.</subfield>
   </datafield>
   <datafield ind1=" " ind2=" " tag="596">
      <subfield code="a">38</subfield>
   </datafield>
   <datafield ind1=" " ind2="0" tag="650">
      <subfield code="a">Native language and education</subfield>
      <subfield code="z">Québec (Province).</subfield>
   </datafield>
   <datafield ind1=" " ind2="0" tag="650">
      <subfield code="a">School choice</subfield>
      <subfield code="z">Québec (Province).</subfield>
   </datafield>
   <datafield ind1=" " ind2="0" tag="650">
      <subfield code="a">Student aspirations</subfield>
      <subfield code="z">Québec (Province).</subfield>
   </datafield>
   <datafield ind1=" " ind2="0" tag="650">
      <subfield code="a">School attendance</subfield>
      <subfield code="z">Québec (Province).</subfield>
   </datafield>
   <datafield ind1="1" ind2=" " tag="700">
      <subfield code="a">Laforce, Louise.</subfield>
   </datafield>
   <datafield ind1="1" ind2=" " tag="700">
      <subfield code="a">Trottier, Claude R.</subfield>
      <subfield code="q">(Claude René),</subfield>
      <subfield code="d">1941-</subfield>
   </datafield>
   <datafield ind1="1" ind2=" " tag="710">
      <subfield code="a">Québec (Province).</subfield>
      <subfield code="b">Conseil de la langue française.</subfield>
   </datafield>
   <datafield ind1=" " ind2="0" tag="830">
      <subfield code="a">Dossiers du Conseil de la langue française. ;</subfield>
      <subfield code="v">24.</subfield>
   </datafield>
   <datafield ind1=" " ind2=" " tag="926">
      <subfield code="a">GOV DOC CA2 PQ AC710 85C37</subfield>
      <subfield code="w">LC</subfield>
      <subfield code="c">1</subfield>
      <subfield code="i">000035481530</subfield>
      <subfield code="l">ON_SHELF</subfield>
      <subfield code="m">UABARD</subfield>
      <subfield code="p">$150.00</subfield>
      <subfield code="r">Y</subfield>
      <subfield code="s">Y</subfield>
      <subfield code="t">BOOK</subfield>
      <subfield code="u">1/25/1991</subfield>
      <subfield code="o">.STAFF. A0046106</subfield>
   </datafield>
</record>
